% Encoding: UTF-8

@Book{Viso2012,
  author    = {Viso, Elisa and Peláez V., Canek},
  date      = {2012},
  title     = {Introducción a las ciencias de la computación con Java},
  edition   = {{2a}},
  isbn      = {978-607-02-3345-6},
  pagetotal = {571},
  publisher = {Las prensas de ciencias},
  series    = {Temas de computación},
}

@Book{Viso2008,
  author    = {Viso G., Elisa},
  date      = {2008},
  title     = {Introducción a la teoría de la computación},
  isbn      = {978-970-32-54-15-6},
  pagetotal = {304},
  publisher = {Las prensas de ciencias},
  series    = {Temas de computación},
}

@Comment{jabref-meta: databaseType:biblatex;}
